<?xml version="1.0" encoding="UTF-8"?><collection xmlns="http://www.loc.gov/MARC21/slim"><record><leader>00334nam--2200121-i-4500</leader><controlfield tag="001">000025655</controlfield><controlfield tag="002">20161230</controlfield><controlfield tag="005">20161230201036</controlfield><controlfield tag="008">060222s1000------------r-----000-0-eng-d</controlfield><datafield ind1=" " ind2=" " tag="080"><subfield code="a">061.62(100)</subfield></datafield><datafield ind1=" " ind2=" " tag="245"><subfield code="a">International council of scientific unions. organization and activities</subfield></datafield><datafield ind1=" " ind2=" " tag="260"><subfield code="a">Paris, Icsu, 1976, Viii + 182p</subfield></datafield><datafield ind1=" " ind2=" " tag="852"><subfield code="a">75434</subfield></datafield></record></collection>